% Encoding: UTF-8
@BOOK{Mat3,
	author = {Матвеев, А. Н.},
	title = {Том 3. Электричество и магнетизм},
	adress = "М.:",
	publisher = {Высшая школа},
	year = {1983},
	pagetotal = {463},
	edition = {},
	note = {\S~48, \S~50}
}

@BOOK{FLF6,
	author = {Р. Фейнман and Р. Лейтон and М. Сэндс},
	title = {Фейнмановские лекции по физике},
	volume = "6. Электродинамика",
	publisher = "М.: Мир",
	year = {1977},
	pagetotal = 354,
	edition = {2},
	note = {Глава 22}
}

@Book{AleshkevichElectro,
	author    = {Алешкевич, В.~А.},
	title     = {Электромагнетизм},
	year      = {2014},
	publisher = {Физматлит},
	location  = {М.},
	pagetotal = {404},
	keywords  = {Electrodynamics},
	note = {Лекция 19}
}

@BOOK{AxiezerGeneralPhysElectro,
	author = {Ахиезер, А. И.},
	title = {Общая физика},
	subtitle = {Электрические и магнитные явления: Справочное пособие},
	location = {К.},
	publisher = {Наукова думка},
	year = {1981},
	pagetotal = {472},
	edition = {},
	note = {\S~10.3}
}

@BOOK{Ledenev4,
	author = {Леденев, А. Н.},
	title = {Физика},
	volume = {4},
	volumes = {5},
	subtitle = {Колебания и волны. Оптика.},
	location = {М.},
	publisher = {Физматлит},
	year = {2005},
	pagetotal = {256},
	edition = {},
	note = {Глава I}
}

@BOOK{berkeley2,
	author = {Парселл, Э.},
	title = {Берклеевский курс физики},
	volume = {2. Электричество и магнетизм},
	location = {М.},
	volumes = {6},
	publisher = {Наука},
	year = {1983},
	pagetotal = {416},
	edition = {3},
	note = {Глава 8},
}