% Encoding: UTF-8
@BOOK{Mat3,
	author = {Матвеев, А. Н.},
	title = {Том 3. Электричество и магнетизм},
	location = "М.:",
	publisher = {Высшая школа},
	year = {1983},
	pagetotal = {463},
	edition = {},
}

@BOOK{FLF5,
	author = {Фейнман, Р. and Лейтон, Р. and Сэндс, М.},
	title = {Фейнмановские лекции по физике},
	volume = "Выпуск 5. Электричество и магнетизм",
	publisher = "М.: Мир",
	year = {1977},
	pagetotal = 306,
	language = {russian},
	edition = "2-е",
}

@BOOK{FLF6,
	author = {Фейнман, Р. and Лейтон, Р. and Сэндс, М.},
	title = {Фейнмановские лекции по физике},
	volume = "Выпуск 6. Электродинамика",
	publisher = "М.: Мир",
	year = {1977},
	pagetotal = 354,
	language = {russian},
	edition = "2-е",
}

@Book{AleshkevichElectro,
	author    = {Алешкевич, В.~А.},
	title     = {Электромагнетизм},
	year      = {2014},
	publisher = {Физматлит},
	location  = {М.},
	pagetotal = {404},
	keywords  = {Electrodynamics},
	note = {Лекция 19}
}

@BOOK{AxiezerGeneralPhysElectro,
	author = {Ахиезер, А. И.},
	title = {Общая физика},
	subtitle = {Электрические и магнитные явления: Справочное пособие},
	location = {К.},
	publisher = {Наукова думка},
	year = {1981},
	pagetotal = {472},
	edition = {},
	note = {\S~10.3}
}

@BOOK{Ledenev4,
	author = {Леденев, А. Н.},
	title = {Физика},
	volume = {4},
	volumes = {5},
	subtitle = {Колебания и волны. Оптика.},
	location = {М.},
	publisher = {Физматлит},
	year = {2005},
	pagetotal = {256},
	edition = {},
	note = {Глава I}
}

@BOOK{berkeley2,
	author = {Парселл, Э.},
	title = {Берклеевский курс физики},
	volume = {2. Электричество и магнетизм},
	location = {М.},
	volumes = {6},
	publisher = {Наука},
	year = {1983},
	pagetotal = {416},
	edition = {3},
}

@BOOK{Kalashnikov,
	author = {Калашников, С. Г.},
	title = {Электричество},
	location = {М.},
	publisher = {Физматлит},
	year = {2004},
	pagetotal = {624},
	language = {russian},
	langid = {russian},
	edition = {6},
	isbn = {5-9221-0312-1},
}

@book{Forces,
   title =     {Силы в природе},
   author =    {Григорьев, В. И. and Мякишев, Г. Я.},
   publisher = {Наука},
   location = {М.},
   year =      {1988},
   series =    {},
   edition =   {7, исправленное и дополненное},
}

@BOOK{Siv3,
	author = {Сивухин, Д. В.},
	title = {Общий курс физики},
	volume = {Том 3. Электричество},
	publisher = {Физматлит},
	location = {М.},
	volumes = {5},
	year = {2004},
	pagetotal = {655},
	language = {russian},
	langid = {russian},
	edition = {4},
}